@article{koehl2001lobster,
  title={Lobster sniffing: antennule design and hydrodynamic filtering of information in an odor plume},
  author={Koehl, MAR and Koseff, Jeffrey R and Crimaldi, John P and McCay, Michael G and Cooper, Tim and Wiley, Megan B and Moore, Paul A},
  journal={Science},
  volume={294},
  number={5548},
  pages={1948--1951},
  year={2001},
  publisher={American Association for the Advancement of Science}
}

@article{weissburg1994odor,
  title={Odor plumes and how blue crabs use them in finding prey},
  author={Weissburg, Marc J and Zimmer-Faust, Richard K},
  journal={Journal of Experimental Biology},
  volume={197},
  number={1},
  pages={349--375},
  year={1994},
  publisher={The Company of Biologists Ltd}
}

@article{gire2016mice,
  title={Mice develop efficient strategies for foraging and navigation using complex natural stimuli},
  author={Gire, David H and Kapoor, Vikrant and Arrighi-Allisan, Annie and Seminara, Agnese and Murthy, Venkatesh N},
  journal={Current Biology},
  volume={26},
  number={10},
  pages={1261--1273},
  year={2016},
  publisher={Elsevier}
}

@article{reddy2022olfactory,
  title={Olfactory sensing and navigation in turbulent environments},
  author={Reddy, Gautam and Murthy, Venkatesh N and Vergassola, Massimo},
  journal={Annual Review of Condensed Matter Physics},
  volume={13},
  pages={191--213},
  year={2022},
  publisher={Annual Reviews}
}

@article{lazarowski2020selecting,
  title={Selecting dogs for explosives detection: behavioral characteristics},
  author={Lazarowski, Lucia and Waggoner, Lowell Paul and Krichbaum, Sarah and Singletary, Melissa and Haney, Pam Sue and Rogers, Bart and Angle, Craig},
  journal={Frontiers in Veterinary Science},
  volume={7},
  pages={10.3389/fvets.2020.00597},
  year={2020},
  publisher={Frontiers}
}

@article{leighton2018solution,
  title={A solution for the shortage of detection dogs: a detector dog center of excellence and a cooperative breeding program},
  author={Leighton, Eldin A and Hare, Elizabeth and Thomas, Scott and Waggoner, L Paul and Otto, Cynthia M},
  journal={Frontiers in Veterinary Science},
  volume={5},
  pages={284},
  year={2018},
  publisher={Frontiers}
}

@manual{clusterpkg,
    title = {cluster: Cluster Analysis Basics and Extensions},
    author = {Martin Maechler and Peter Rousseeuw and Anja Struyf and
      Mia Hubert and Kurt Hornik},
    year = {2022},
    volume={Version 2.1.4},
    url = {https://CRAN.R-project.org/package=cluster},
    note = {R package version 2.1.4 --- For new features, see the
      'Changelog' file (in the package source)},
}

@article{tibshirani_estimating_2001,
	title = {Estimating the {Number} of {Clusters} in a {Data} {Set} {Via} the {Gap} {Statistic}},
	volume = {63},
	issn = {1369-7412},
	url = {https://doi.org/10.1111/1467-9868.00293},
	doi = {10.1111/1467-9868.00293},
	abstract = {We propose a method (the `gap statistic') for estimating the number of clusters (groups) in a set of data. The technique uses the output of any clustering algorithm (e.g. K-means or hierarchical), comparing the change in within-cluster dispersion with that expected under an appropriate reference null distribution. Some theory is developed for the proposal and a simulation study shows that the gap statistic usually outperforms other methods that have been proposed in the literature.},
	number = {2},
	urldate = {2023-08-07},
	journal = {Journal of the Royal Statistical Society Series B: Statistical Methodology},
	author = {Tibshirani, Robert and Walther, Guenther and Hastie, Trevor},
	month = jul,
	year = {2001},
	pages = {411--423} 
}

@article{Hartigan_Wong_1979,
 ISSN = {00359254, 14679876},
 URL = {http://www.jstor.org/stable/2346830},
 author = {J. A. Hartigan and M. A. Wong},
 journal = {Journal of the Royal Statistical Society. Series C (Applied Statistics)},
 number = {1},
 pages = {100--108},
 publisher = {[Wiley, Royal Statistical Society]},
 title = {Algorithm AS 136: A K-Means Clustering Algorithm},
 urldate = {2023-08-07},
 volume = {28},
 year = {1979}
}


@article{Vickers:2000,
  title={Mechanisms of animal navigation in odor plumes},
  author={Vickers, Neil J},
  journal={The Biological Bulletin},
  volume={198},
  number={2},
  pages={203--212},
  year={2000},
  publisher={Marine Biological Laboratory}
}

@incollection{MORI20011368,
title = {Olfaction},
editor = {Sydney Brenner and Jefferey H. Miller},
booktitle = {Encyclopedia of Genetics},
publisher = {Academic Press},
address = {New York},
pages = {1368-1370},
year = {2001},
isbn = {978-0-12-227080-2},
doi = {https://doi.org/10.1006/rwgn.2001.0924},
url = {https://www.sciencedirect.com/science/article/pii/B0122270800009241},
author = {I. Mori}
}

@article{wasser2012using,
  title={Using detection dogs to conduct simultaneous surveys of northern spotted (\emph{{S}trix occidentalis caurina}) and barred owls (\emph{{S}trix varia})},
  author={Wasser, Samuel K and Hayward, Lisa S and Hartman, Jennifer and Booth, Rebecca K and Broms, Kristin and Berg, Jodi and Seely, Elizabeth and Lewis, Lyle and Smith, Heath},
  journal={PLOS ONE},
  volume={7},
  pages={1--8},
  year={2012},
  publisher={Public Library of Science San Francisco, USA}
}


@article{wasser2004scat,
  title={Scat detection dogs in wildlife research and management: application to grizzly and black bears in the {Y}ellowhead {E}cosystem, {A}lberta, {C}anada},
  author={Wasser, Samuel K and Davenport, Barbara and Ramage, Elizabeth R and Hunt, Kathleen E and Parker, Margaret and Clarke, Christine and Stenhouse, Gordon},
  journal={Canadian Journal of Zoology},
  volume={82},
  number={3},
  pages={475--492},
  year={2004},
  publisher={NRC Research Press Ottawa, Canada}
}

@article{friard2016boris,
  title={{BORIS}: a free, versatile open-source event-logging software for video/audio coding and live observations},
  author={Friard, Olivier and Gamba, Marco},
  journal={Methods in Ecology and Evolution},
  volume={7},
  number={11},
  pages={1325--1330},
  year={2016},
  publisher={Wiley Online Library}
}

@article{braun2013wildlife,
  title={Wildlife detector dogs -- a guideline on the training of dogs to detect wildlife in trade},
  author={Braun, Birgit},
  journal={WWF Germany, Berlin},
  pages={1--16},
  year={2013}
}


@article{narayanasamy2023hide,
  title={Hide-and-sniff: can anti-trafficking dogs detect obfuscated wildlife parts?},
  author={Narayanasamy, Sai Sanggkeeth and Chong, Erin and Abdul Aziz, Sheema and Visscher, Wesley and Abdul Jaafar, Syed Zafarullah and Reuben Clements, Gopalasamy},
  journal={Conservation Science and Practice},
  volume={5},
  number={3},
  pages={e12886},
  year={2023},
  publisher={Wiley Online Library}
}


@article{cablk2008olfaction,
  title={Olfaction-based detection distance: a quantitative analysis of how far away dogs recognize tortoise odor and follow it to source},
  author={Cablk, Mary E and Sagebiel, John C and Heaton, Jill S and Valentin, Cindee},
  journal={Sensors},
  volume={8},
  number={4},
  pages={2208--2222},
  year={2008},
  publisher={Molecular Diversity Preservation International (MDPI)}
}

@article{jinn2020ambient,
  title={How ambient environment influences olfactory orientation in search and rescue dogs},
  author={Jinn, Judy and Connor, Erin G and Jacobs, Lucia F},
  journal={Chemical senses},
  volume={45},
  number={8},
  pages={625--634},
  year={2020},
  publisher={Oxford University Press UK}
}

@article{thesen1993behaviour,
  title={Behaviour of dogs during olfactory tracking},
  author={Thesen, Aud and Steen, Johan B and D{\'o}ving, Kjell B},
  journal={Journal of Experimental Biology},
  volume={180},
  number={1},
  pages={247--251},
  year={1993},
  publisher={The Company of Biologists Ltd}
}


@article{gazit2021dogs,
  title={Dogs can detect the individual odors in a mixture of explosives},
  author={Gazit, Irit and Goldblatt, Allen and Grinstein, Dan and Terkel, Joseph},
  journal={Applied Animal Behaviour Science},
  volume={235},
  pages={105212},
  year={2021},
  publisher={Elsevier}
}

@article{weissburg1994odor,
  title={Odor plumes and how blue crabs use them in finding prey},
  author={Weissburg, Marc J and Zimmer-Faust, Richard K},
  journal={Journal of Experimental Biology},
  volume={197},
  number={1},
  pages={349--375},
  year={1994},
  publisher={The Company of Biologists Ltd}
}

@article{concha2014using,
  title={Using sniffing behavior to differentiate true negative from false negative responses in trained scent-detection dogs},
  author={Concha, Astrid and Mills, Daniel S and Feugier, Alexandre and Zulch, Helen and Guest, Claire and Harris, Rob and Pike, Thomas W},
  journal={Chemical senses},
  volume={39},
  number={9},
  pages={749--754},
  year={2014},
  publisher={Oxford University Press}
}


@article{jezierski2008information,
  title={Information-seeking behaviour of sniffer dogs during match-to-sample training in the scent lineup},
  author={Jezierski, Tadeusz and Walczak, Marta and G{\'o}recka, Aleksandra},
  journal={Polish Psychological Bulletin},
  volume={39},
  number={2},
  year={2008},
  pages={71--80},
  publisher={Committee for Psychological Science PAS}
}

@article{spiller1989determination,
  title={Determination of ammonia/air diffusion coefficient using nafion lined tube},
  author={Spiller, Lester L},
  journal={Analytical letters},
  volume={22},
  number={11-12},
  pages={2561--2573},
  year={1989},
  publisher={Taylor \& Francis}
}


@misc{TheFactsAboutAmmonia, 
  url={https://www.health.ny.gov/environmental/emergency/chemical_terrorism/ammonia_general.htm}, 
  journal={The Facts About Ammonia}
} 


@article{liu2020mouse,
  title={Mouse navigation strategies for odor source localization},
  author={Liu, Annie and Papale, Andrew E and Hengenius, James and Patel, Khusbu and Ermentrout, Bard and Urban, Nathan N},
  journal={Frontiers in Neuroscience},
  volume={14},
  pages={218},
  year={2020},
  publisher={Frontiers Media SA}
}


@article{belanger1996adaptive,
  title={Adaptive Control of Odor-Guided Locomotion: Behavioral Flexibility as an Antidote to Environmental Unpredictability1},
  author={Belanger, Jim H and Willis, Mark A},
  journal={Adaptive Behavior},
  volume={4},
  number={3-4},
  pages={217--253},
  year={1996},
  publisher={Sage Publications Sage CA: Thousand Oaks, CA}
}


@article{Waldrop:bluehermit,
	author = {L.D. Waldrop and L.A. Miller and S. Khatri},
	date-added = {2017-01-15 17:09:21 +0000},
	date-modified = {2017-01-15 17:10:20 +0000},
	journal = {Royal Society Interface},
	pages = {20160615},
	title = {A tale of two antennules: the performance of crab odour-capture organs in air and water},
	volume = {13},
	year = {2016}}



@article{Waldrop:entmodel,
	author = {Waldrop, Lindsay D. and He, Yanyan and Khatri, Shilpa},
	date-added = {2020-07-24 07:28:55 -0700},
	date-modified = {2020-07-24 07:28:55 -0700},
	day = {21},
	doi = {10.1007/s10886-018-1017-2},
	issn = {1573-1561},
	journal = {Journal of Chemical Ecology},
	month = {Sep},
	number = {12},
	pages = {1084--1100},
	title = {What Can Computational Modeling Tell Us about the Diversity of Odor-Capture Structures in the {P}ancrustacea?},
	url = {https://doi.org/10.1007/s10886-018-1017-2},
	volume = {44},
	year = {2018},
	bdsk-url-1 = {https://doi.org/10.1007/s10886-018-1017-2}}


@article{porter2007mechanisms,
  title={Mechanisms of scent-tracking in humans},
  author={Porter, Jess and Craven, Brent and Khan, Rehan M and Chang, Shao-Ju and Kang, Irene and Judkewitz, Benjamin and Volpe, Jason and Settles, Gary and Sobel, Noam},
  journal={Nature neuroscience},
  volume={10},
  number={1},
  pages={27--29},
  year={2007},
  publisher={Nature Publishing Group US New York}
}


@article{hepper2005many,
  title={How many footsteps do dogs need to determine the direction of an odour trail?},
  author={Hepper, Peter G and Wells, Deborah L},
  journal={Chemical Senses},
  volume={30},
  number={4},
  pages={291--298},
  year={2005},
  publisher={Oxford University Press}
}



@article{hayes2002distributed,
  title={Distributed odor source localization},
  author={Hayes, Adam T and Martinoli, Alcherio and Goodman, Rodney M},
  journal={IEEE Sensors Journal},
  volume={2},
  number={3},
  pages={260--271},
  year={2002},
  publisher={IEEE}
}

@article{harper2005identification,
  title={Identification of dominant odor chemicals emanating from explosives for use in developing optimal training aid combinations and mimics for canine detection},
  author={Harper, Ross J and Almirall, Jos{\'e} R and Furton, Kenneth G},
  journal={Talanta},
  volume={67},
  number={2},
  pages={313--327},
  year={2005},
  publisher={Elsevier}
}

@article{lorenzo2003laboratory,
  title={Laboratory and field experiments used to identify Canis lupus var. familiaris active odor signature chemicals from drugs, explosives, and humans},
  author={Lorenzo, Norma and Wan, TianLang and Harper, Ross J and Hsu, Ya-Li and Chow, Michael and Rose, Stefan and Furton, Kenneth G},
  journal={Analytical and bioanalytical chemistry},
  volume={376},
  pages={1212--1224},
  year={2003},
  publisher={Springer}
}

@article{farkas1972chemical,
  title={Chemical trail-following by flying insects: a mechanism for orientation to a distant odor source},
  author={Farkas, SR and Shorey, HH},
  journal={Science},
  volume={178},
  number={4056},
  pages={67--68},
  year={1972},
  publisher={American Association for the Advancement of Science}
}

@article{Ache:2005,
  title={Olfaction: diverse species, conserved principles},
  author={Ache, Barry W and Young, Janet M},
  journal={Neuron},
  volume={48},
  number={3},
  pages={417--430},
  year={2005},
  publisher={Elsevier}
}

@article{Dethier:1987,
  title={Sniff, flick, and pulse: an appreciation of interruption},
  author={Dethier, Vincent G},
  journal={Proceedings of the American Philosophical Society},
  volume={131},
  number={2},
  pages={159--176},
  year={1987},
  publisher={JSTOR}
}

@techreport{lochmatter2007odor,
  title={Odor source localization with mobile robots},
  author={Lochmatter, Thomas and Raemy, Xavier and Martinoli, Alcherio},
  journal={Bulletin of the Swiss Society for Automatic Control},
  year={2007},
  volume={46},
  pages={11--14}
}



@article{kokocinska2021canine,
  title={Canine olfaction: physiology, behavior, and possibilities for practical applications},
  author={Kokoci{\'n}ska-Kusiak, Agata and Woszczy{\l}o, Martyna and Zybala, Miko{\l}aj and Maciocha, Julia and Bar{\l}owska, Katarzyna and Dzi{\k{e}}cio{\l}, Micha{\l}},
  journal={Animals},
  volume={11},
  number={8},
  pages={2463},
  year={2021},
  publisher={MDPI}
}


@article{settles2005sniffers,
  title={Sniffers: Fluid-Dynamic Sampling for Olfactory Trace Detection in Nature and Homeland Security -- The 2004 Freeman Scholar Lecture},
  author={Settles, Gary S},
  journal={Journal of Fluids Engineering},
  volume={127},
  pages={189--218},
  year={2005}
}


@article{prada2018birds,
  title={Birds and dogs: toward a comparative perspective on odor use and detection},
  author={Prada, Paola A and Furton, Kenneth G},
  journal={Frontiers in Veterinary Science},
  volume={5},
  pages={188},
  year={2018},
  publisher={Frontiers Media SA}
}



@article{wells2003directional,
  title={Directional tracking in the domestic dog, \emph{{C}anis familiaris}},
  author={Wells, Deborah L and Hepper, Peter G},
  journal={Applied Animal Behaviour Science},
  volume={84},
  number={4},
  pages={297--305},
  year={2003},
  publisher={Elsevier}
}


@incollection{gadbois2014canine,
  title={Canine olfaction: scent, sign, and situation},
  author={Gadbois, Simon and Reeve, Catherine},
  booktitle={Domestic dog cognition and behavior: The scientific study of \emph{{C}anis familiaris}},
  pages={3--29},
  year={2014},
  publisher={Springer}
}



@article{foster2022preliminary,
  title={Preliminary evaluation of a system with on-body and aerial sensors for monitoring working dogs},
  author={Foster, Marc and Wu, Tianfu and Roberts, David L and Bozkurt, Alper},
  journal={Sensors},
  volume={22},
  number={19},
  pages={7631},
  year={2022},
  publisher={MDPI}
}


@inproceedings{eu2013olfactory,
  title={Olfactory sensory system for odour plume sensing process by using quadrotor based flying sniffer robot},
  author={Eu, Kok Seng and Yap, Kian Meng and Tee, Tiam Hee and Lim, Soo Yong and Chin, Beek Yoke},
  booktitle={2013 International Conference on Robotics, Biomimetics, Intelligent Computational Systems},
  pages={188--193},
  year={2013},
  organization={IEEE}
}



@article{furton2001scientific,
  title={The scientific foundation and efficacy of the use of canines as chemical detectors for explosives},
  author={Furton, Kenneth G and Myers, Lawrence J},
  journal={Talanta},
  volume={54},
  number={3},
  pages={487--500},
  year={2001},
  publisher={Elsevier}
}


@article{pemberton2013bloodhounds,
  title={`{B}loodhounds as {D}etectives' Dogs, Slum Stench and Late-Victorian Murder Investigation},
  author={Pemberton, Neil},
  journal={Cultural and Social History},
  volume={10},
  number={1},
  pages={69--91},
  year={2013},
  publisher={Taylor \& Francis}
}


@article{boedeker2012sniffer,
  title={Sniffer dogs as part of a bimodal bionic research approach to develop a lung cancer screening},
  author={Boedeker, Enole and Friedel, Godehard and Walles, Thorsten},
  journal={Interactive cardiovascular and thoracic surgery},
  volume={14},
  number={5},
  pages={511--515},
  year={2012},
  publisher={Oxford University Press}
}



@article{pirrone2017olfactory,
  title={Olfactory detection of cancer by trained sniffer dogs: a systematic review of the literature},
  author={Pirrone, Federica and Albertini, Mariangela},
  journal={Journal of Veterinary Behavior},
  volume={19},
  pages={105--117},
  year={2017},
  publisher={Elsevier}
}



@inproceedings{moses2015using,
  title={Using real-time chemical plume models in virtual training systems},
  author={Moses, Adam and Obenschain, Keith and Boris, Jay and Patnaik, Gopal},
  booktitle={2015 IEEE International Symposium on Technologies for Homeland Security ({HST})},
  pages={1--6},
  year={2015},
  organization={IEEE}
}



@article{ortal2022proof,
  title={Proof of concept for the use of trained sniffer dogs to detect osteosarcoma},
  author={Ortal, Agust{\'i}n and Rodr{\'i}guez, Aida and Solis-Hern{\'a}ndez, Mar{\'i}a Pilar and de Prado, Miguel and Rey, Ver{\'o}nica and Torn{\'i}n, Juan and Estupi{\~n}{\'a}n, {\'O}scar and Gallego, Borja and Murillo, Dzohara and Huergo, Carmen and others},
  journal={Scientific Reports},
  volume={12},
  number={1},
  pages={6911},
  year={2022},
  publisher={Nature Publishing Group UK London}
}


@article{sakr2022covid,
  title={{COVID}-19 detection by dogs: from physiology to field application -- a review article},
  author={Sakr, Rania and Ghsoub, Cedra and Rbeiz, Celine and Lattouf, Vanessa and Riachy, Rachelle and Haddad, Chadia and Zoghbi, Marouan},
  journal={Postgraduate Medical Journal},
  volume={98},
  number={1157},
  pages={212--218},
  year={2022},
  publisher={Oxford University Press}
}



@article{hackner2017canine,
  title={Canine olfaction as an alternative to analytical instruments for disease diagnosis: understanding `dog personality' to achieve reproducible results},
  author={Hackner, Klaus and Pleil, Joachim},
  journal={Journal of breath research},
  volume={11},
  number={1},
  pages={012001},
  year={2017},
  publisher={IOP Publishing}
}


@article{bodnariu2008indicators,
  title={Indicators of stress and stress assessment in dogs},
  author={Bodnariu, ALINA and others},
  journal={Lucr Stiint Med Vet},
  volume={41},
  pages={20--26},
  year={2008}
}


@article{melco2020investigation,
  title={Investigation of physiological and behavioral responses in dogs participating in animal-assisted therapy with children diagnosed with attention-deficit hyperactivity disorder},
  author={Melco, Ashley L and Goldman, Larry and Fine, Aubrey H and Peralta, Jose M},
  journal={Journal of Applied Animal Welfare Science},
  volume={23},
  number={1},
  pages={10--28},
  year={2020},
  publisher={Taylor \& Francis}
}


@article{beerda2000behavioural,
  title={Behavioural and hormonal indicators of enduring environmental stress in dogs},
  author={Beerda, Bonne and Schilder, Matthijs BH and Van Hooff, JARAM and de Vries, Hans W and Mol, JA},
  journal={Animal welfare},
  volume={9},
  number={1},
  pages={49--62},
  year={2000},
  publisher={Cambridge University Press}
}

@article{sinn2010personality,
  title={Personality and performance in military working dogs: Reliability and predictive validity of behavioral tests},
  author={Sinn, David L and Gosling, Samuel D and Hilliard, Stewart},
  journal={Applied Animal Behaviour Science},
  volume={127},
  number={1-2},
  pages={51--65},
  year={2010},
  publisher={Elsevier}
}















@article{staymates2016biomimetic,
  title={Biomimetic sniffing improves the detection performance of a 3D printed nose of a dog and a commercial trace vapor detector},
  author={Staymates, Matthew E and MacCrehan, William A and Staymates, Jessica L and Kunz, Roderick R and Mendum, Thomas and Ong, Ta-Hsuan and Geurtsen, Geoffrey and Gillen, Greg J and Craven, Brent A},
  journal={Scientific reports},
  volume={6},
  number={1},
  pages={36876},
  year={2016},
  publisher={Nature Publishing Group UK London}
}


@article{russell2001survey,
  title={Survey of robotic applications for odor-sensing technology},
  author={Russell, R Andrew},
  journal={The International Journal of Robotics Research},
  volume={20},
  number={2},
  pages={144--162},
  year={2001},
  publisher={SAGE Publications}
}


@article{koehl2006,
	author = {M.A.R. Koehl},
	date-added = {2015-03-25 15:34:33 -0400},
	date-modified = {2015-03-25 15:34:34 -0400},
	journal = {Chemical Senses},
	number = {2},
	pages = {93-105},
	title = {The fluid mechanics of arthropod sniffing in turbulent odor plumes.},
	volume = {31},
	year = {2006}}


@article{young2020odors,
  title={Odors: from chemical structures to gaseous plumes},
  author={Young, Benjamin D and Escalon, James A and Mathew, Dennis},
  journal={Neuroscience \& Biobehavioral Reviews},
  volume={111},
  pages={19--29},
  year={2020},
  publisher={Elsevier}
}

@article{simon2019,
  title={A method for controlled odor delivery in olfactory field-testing},
  author={Simon, Alison G and DeGreeff, Lauryn E and Frank, Kelvin and Peranich, Kimberly and Holness, Howard and Furton, Kenneth G},
  journal={Chemical Senses},
  volume={44},
  number={6},
  pages={399--408},
  year={2019},
  publisher={Oxford University Press UK}
}

@article{murlis1992odor,
  title={Odor plumes and how insects use them},
  author={Murlis, John and Elkinton, Joseph S and Carde, Ring T},
  journal={Annual review of entomology},
  volume={37},
  number={1},
  pages={505--532},
  year={1992},
  publisher={Annual Reviews 4139 El Camino Way, PO Box 10139, Palo Alto, CA 94303-0139, USA}
}


@techreport{southwest1973narcotic,
  title={Narcotic-Explosive Detector Dogs},
  author={{Southwest Research Institute}},
  institution={{Southwest Research Institute}},
  address={San Antonio, TX},
  number={DAAD05-71-C-0285},
  year={1973},
  month={January}
}


@incollection{frank2022explosives,
  title={Explosives detection by dogs},
  author={Frank Jr, Kelvin J and Holness, Howard K and Furton, Kenneth G and DeGreeff, Lauryn E},
  booktitle={Counterterrorist Detection Techniques of Explosives},
  pages={47--75},
  year={2022},
  publisher={Elsevier}
}


@article{degreeff2021headspace,
  title={Headspace analysis of ammonium nitrate variants and the effects of differing vapor profiles on canine detection},
  author={DeGreeff, Lauryn E and Peranich, Kimberly},
  journal={Forensic Chemistry},
  volume={25},
  pages={100342},
  year={2021},
  publisher={Elsevier}
}



@article{marin2021spatial,
  title={Spatial information from the odour environment in mammalian olfaction},
  author={Marin, Alina Cristina and Schaefer, Andreas T and Ackels, Tobias},
  journal={Cell and Tissue Research},
  volume={383},
  pages={473--483},
  year={2021},
  publisher={Springer}
}


@article{charles2022search,
  title={In search of COVID-19: The ability of biodetection canines to detect COVID-19 odours from clinical samples},
  author={Charles, Marthe and Eckbo, Eric and Zurberg, Teresa and Woznow, Tracey and Aksu, L{\^a}le and G{\'o}mez Navas, Leonardo and Wang, Y and Bryce, Elizabeth},
  journal={Official Journal of the Association of Medical Microbiology and Infectious Disease Canada},
  volume={7},
  number={4},
  pages={343--349},
  year={2022},
  publisher={University of Toronto Press}
}


@article{hasegawa2014dogs,
  title={Dogs’ body language relevant to learning achievement},
  author={Hasegawa, Masashi and Ohtani, Nobuyo and Ohta, Mitsuaki},
  journal={Animals},
  volume={4},
  number={1},
  pages={45--58},
  year={2014},
  publisher={MDPI}
}


@misc{VancouverCoastalHealth, 
  url={https://www.vch.ca/en/canines-care-team}, 
  journal={Vancouver Coastal Health}
} 

@article{pfaller2023effects,
  title={Effects of contingent and noncontingent reinforcement on the emotional behavior of domestic dogs (Canis familiaris)},
  author={Pfaller-Sadovsky, Nicole and Arnott, Gareth and Cifuentes, Julian and Medina, Lucia G and Velasquez, Julian C and Zamora, David and Duarte, Karen and Mayorga, Daniela and Hurtado-Parrado, Camilo},
  journal={Journal of Veterinary Behavior},
  year={2023},
  publisher={Elsevier}
}

@article{mcglade2022behavioural,
  title={Behavioural traits of rainbow trout and brown trout may help explain their differing invasion success and impacts},
  author={McGlade, Ciara LO and Dickey, James WE and Kennedy, Richard and Donnelly, Shannon and Nelson, Clare-Ann and Dick, Jaimie TA and Arnott, Gareth},
  journal={Scientific Reports},
  volume={12},
  number={1},
  pages={1757},
  year={2022},
  publisher={Nature Publishing Group UK London}
}

@article{csepregi2023factors,
  title={Factors Contributing to Successful Spontaneous Dog--Human Cooperation},
  author={Csepregi, Melitta and G{\'a}csi, M{\'a}rta},
  journal={Animals},
  volume={13},
  number={14},
  pages={2390},
  year={2023},
  publisher={MDPI}
}


@article{guard1999chemical,
  title={Chemical hazard response information system (CHRIS)-Hazardous chemical data},
  author={Guard, US Coast},
  journal={Commandant Instruction},
  volume={16465},
  year={1999}
}








@article{hedrick2008software,
  title={Software techniques for two-and three-dimensional kinematic measurements of biological and biomimetic systems},
  author={Hedrick, Tyson L},
  journal={Bioinspiration \& biomimetics},
  volume={3},
  number={3},
  pages={034001},
  year={2008},
  publisher={IOP Publishing}
}


@article{theriault2014protocol,
  title={A protocol and calibration method for accurate multi-camera field videography},
  author={Theriault, Diane H and Fuller, Nathan W and Jackson, Brandon E and Bluhm, Evan and Evangelista, Dennis and Wu, Zheng and Betke, Margrit and Hedrick, Tyson L},
  journal={Journal of Experimental Biology},
  volume={217},
  number={11},
  pages={1843--1848},
  year={2014},
  publisher={Company of Biologists}
}


@article{gazit2003explosives,
  title={Explosives detection by sniffer dogs following strenuous physical activity},
  author={Gazit, Irit and Terkel, Joseph},
  journal={Applied Animal Behaviour Science},
  volume={81},
  number={2},
  pages={149--161},
  year={2003},
  publisher={Elsevier}
}


@article{theuriexplosive,
  title={The Explosive Sniffer Dogs in Security Operations: An assessment of their Performance in Screening for Concealed Explosives},
  author={Theuri, Donald W},
  journal={Africa Amani Journal},
  volume={7},
  year={2020}
}


@article{wakayama2019comprehensive,
  title={Comprehensive review of 2-ethyl-1-hexanol as an indoor air pollutant},
  author={Wakayama, Takanari and Ito, Yuki and Sakai, Kiyoshi and Miyake, Mio and Shibata, Eiji and Ohno, Hiroyuki and Kamijima, Michihiro},
  journal={journal of Occupational Health},
  volume={61},
  number={1},
  pages={19--35},
  year={2019},
  publisher={Japan Society for Occupational Health}
}


@Manual{Rcoreteam,
  title = {R: A Language and Environment for Statistical Computing},
  author = {{R Core Team}},
  organization = {R Foundation for Statistical Computing},
  address = {Vienna, Austria},
  year = 2022,
  url = {https://www.R-project.org}
}


@article{kranz2014smell,
  title={On the smell of Composition C-4},
  author={Kranz, William and Kitts, Kelley and Strange, Nicholas and Cummins, Joshua and Lotspeich, Erica and Goodpaster, John},
  journal={Forensic science international},
  volume={236},
  pages={157--163},
  year={2014},
  publisher={Elsevier}
}


@article{katilie2019quantitative,
  title={Quantitative analysis of vaporous ammonia by online derivatization with gas chromatography-mass spectrometry with applications to ammonium nitrate-based explosives},
  author={Katilie, Christopher J and Simon, Alison G and DeGreeff, Lauryn E},
  journal={Talanta},
  volume={193},
  pages={87--92},
  year={2019},
  publisher={Elsevier}
}

@article{lin2009effect,
  title={Effect of weather conditions on windbreak odour dispersion},
  author={Lin, X-J and Barrington, S and Choiniere, D and Prasher, S},
  journal={Journal of wind engineering and industrial aerodynamics},
  volume={97},
  number={11-12},
  pages={487--496},
  year={2009},
  publisher={Elsevier}
}

@incollection{elkinton1984odor,
  title={Odor dispersion},
  author={Elkinton, Joseph S and Card{\'e}, Ring T},
  booktitle={Chemical ecology of insects},
  pages={73--91},
  year={1984},
  publisher={Springer}
}


@article{ruzicka2011influence,
  title={Influence of wind and humidity on foraging behavior of olfactory mesopredators},
  author={Ruzicka, Rebekah E and Conover, Michael R},
  journal={The Canadian Field-Naturalist},
  volume={125},
  number={2},
  pages={132--139},
  year={2011}
}



@article{koehl2006fluid,
  title={The fluid mechanics of arthropod sniffing in turbulent odor plumes},
  author={Koehl, MAR},
  journal={Chemical senses},
  volume={31},
  number={2},
  pages={93--105},
  year={2006},
  publisher={Oxford University Press}
}



@article{ferner2005slow,
  title={Slow-moving predatory gastropods track prey odors in fast and turbulent flow},
  author={Ferner, Matthew C and Weissburg, Marc J},
  journal={Journal of Experimental Biology},
  volume={208},
  number={5},
  pages={809--819},
  year={2005},
  publisher={Company of Biologists}
}


@article{ruzicka2012does,
  title={Does weather or site characteristics influence the ability of scavengers to locate food?},
  author={Ruzicka, Rebekah E and Conover, Michael R},
  journal={Ethology},
  volume={118},
  number={2},
  pages={187--196},
  year={2012},
  publisher={Wiley Online Library}
}

@article{weissburg1993life,
  title={Life and death in moving fluids: hydrodynamic effects on chemosensory-mediated predation},
  author={Weissburg, Marc J and Zimmer-Faust, Richard K},
  journal={Ecology},
  volume={74},
  number={5},
  pages={1428--1443},
  year={1993},
  publisher={Wiley Online Library}
}


@article{debose2008use,
  title={The use of odors at different spatial scales: comparing birds with fish},
  author={DeBose, Jennifer L and Nevitt, Gabrielle A},
  journal={Journal of chemical ecology},
  volume={34},
  pages={867--881},
  year={2008},
  publisher={Springer}
}

@article{bell1990searching,
  title={Searching behavior patterns in insects},
  author={Bell, William J},
  journal={Annual review of entomology},
  volume={35},
  number={1},
  pages={447--467},
  year={1990},
  publisher={Annual Reviews 4139 El Camino Way, PO Box 10139, Palo Alto, CA 94303-0139, USA}
}

@article{gardiner2007sharks,
  title={Sharks need the lateral line to locate odor sources: rheotaxis and eddy chemotaxis},
  author={Gardiner, Jayne M and Atema, Jelle},
  journal={Journal of Experimental Biology},
  volume={210},
  number={11},
  pages={1925--1934},
  year={2007},
  publisher={Company of Biologists}
}


@article{wakayama2019comprehensive,
  title={Comprehensive review of 2-ethyl-1-hexanol as an indoor air pollutant},
  author={Wakayama, Takanari and Ito, Yuki and Sakai, Kiyoshi and Miyake, Mio and Shibata, Eiji and Ohno, Hiroyuki and Kamijima, Michihiro},
  journal={journal of Occupational Health},
  volume={61},
  number={1},
  pages={19--35},
  year={2019},
  publisher={Japan Society for Occupational Health}
}


@book{murnane2013odor,
  title={Odor thresholds for chemicals with established health standards},
  author={Murnane, Sharon S and Lehocky, Alex H and Owens, Patrick D},
  year={2013},
  publisher={Aiha}
}


@article{wang2021chemical,
  title={Chemical tomography in a fresh wildland fire plume: A large eddy simulation (LES) study},
  author={Wang, Siyuan and Coggon, Matthew M and Gkatzelis, Georgios I and Warneke, Carsten and Bourgeois, Ilann and Ryerson, Thomas and Peischl, Jeff and Veres, Patrick R and Neuman, J Andrew and Hair, Johnathan and others},
  journal={Journal of Geophysical Research: Atmospheres},
  volume={126},
  number={18},
  pages={e2021JD035203},
  year={2021},
  publisher={Wiley Online Library}
}

@article{heilman2014wildland,
  title={Wildland fire emissions, carbon, and climate: Plume rise, atmospheric transport, and chemistry processes},
  author={Heilman, Warren E and Liu, Yongqiang and Urbanski, Shawn and Kovalev, Vladimir and Mickler, Robert},
  journal={Forest Ecology and Management},
  volume={317},
  pages={70--79},
  year={2014},
  publisher={Elsevier}
}


@article{asif2018air,
  title={Air quality modeling for effective environmental management in the mining region},
  author={Asif, Zunaira and Chen, Zhi and Han, Yi},
  journal={Journal of the Air \& Waste Management Association},
  volume={68},
  number={9},
  pages={1001--1014},
  year={2018},
  publisher={Taylor \& Francis}
}



